@book {PedAnaN,
    AUTHOR = {Pedersen, Gert K.},
     TITLE = {Analysis now},
    SERIES = {Graduate Texts in Mathematics},
    VOLUME = {118},
 PUBLISHER = {Springer-Verlag, New York},
      YEAR = {1989},
     PAGES = {xiv+277},
      ISBN = {0-387-96788-5},
   MRCLASS = {46-01 (00A05 47-01)},
  MRNUMBER = {971256 (90f:46001)},
MRREVIEWER = {T. A. Gillespie},
       DOI = {10.1007/978-1-4612-1007-8},
       URL = {http://dx.doi.org/10.1007/978-1-4612-1007-8},
}


@book {ConFuncAna,
    AUTHOR = {Conway, John B.},
     TITLE = {A course in functional analysis},
    SERIES = {Graduate Texts in Mathematics},
    VOLUME = {96},
 PUBLISHER = {Springer-Verlag, New York},
      YEAR = {1985},
     PAGES = {xiv+404},
      ISBN = {0-387-96042-2},
   MRCLASS = {46-01 (47-01)},
  MRNUMBER = {768926 (86h:46001)},
MRREVIEWER = {Greg Robel},
       DOI = {10.1007/978-1-4757-3828-5},
       URL = {http://dx.doi.org/10.1007/978-1-4757-3828-5},
}

@UNPUBLISHED{,
   author = {Matthias Lesch},
   title = {Seminarmitschrift},
   note = {Lesch Privatbesitz},
   language = {German},
   year = {???}, }

